%% This BibTeX bibliography file was created using BibDesk.
%% http://bibdesk.sourceforge.net/

%% Created for Lukas Bombach at 2015-07-25 19:17:08 +0200 


%% Saved with string encoding Unicode (UTF-8) 



@webpage{bd,
	Date-Added = {2015-07-25 17:16:01 +0000},
	Date-Modified = {2015-07-25 17:16:01 +0000},
	Lastchecked = {Samstag, 25. Juli 2015},
	Title = {SDK Download(Software development kit) - Samsung Smart TV Apps Developer Forum},
	Bdsk-Url-1 = {http://www.samsungdforum.com/Devtools/Sdkdownload}}

@webpage{bx,
	Date-Added = {2015-07-25 17:13:11 +0000},
	Date-Modified = {2015-07-25 17:13:11 +0000},
	Lastchecked = {Samstag, 25. Juli 2015},
	Title = {60fps on the mobile web --- Flipboard Engineering},
	Bdsk-Url-1 = {http://engineering.flipboard.com/2015/02/mobile-web/}}

@webpage{bw,
	Date-Added = {2015-07-25 17:13:08 +0000},
	Date-Modified = {2015-07-25 17:13:08 +0000},
	Lastchecked = {Samstag, 25. Juli 2015},
	Title = {Google Drive Blog: What's different about the new Google Docs?},
	Bdsk-Url-1 = {http://googledrive.blogspot.fr/2010/05/whats-different-about-new-google-docs.html}}

@webpage{bu,
	Date-Added = {2015-07-25 17:13:02 +0000},
	Date-Modified = {2015-07-25 17:13:02 +0000},
	Lastchecked = {Samstag, 25. Juli 2015},
	Title = {UI Events (formerly DOM Level 3 Events)},
	Bdsk-Url-1 = {http://www.w3.org/TR/DOM-Level-3-Events/}}

@webpage{bt,
	Date-Added = {2015-07-25 17:13:00 +0000},
	Date-Modified = {2015-07-25 17:13:00 +0000},
	Lastchecked = {Samstag, 25. Juli 2015},
	Title = {Can I use... Support tables for HTML5, CSS3, etc},
	Bdsk-Url-1 = {http://caniuse.com/#search=mutation}}

@webpage{bs,
	Date-Added = {2015-07-25 17:12:57 +0000},
	Date-Modified = {2015-07-25 17:12:57 +0000},
	Lastchecked = {Samstag, 25. Juli 2015},
	Title = {Events in JavaScript},
	Bdsk-Url-1 = {http://help.dottoro.com/ljfvvdnm.php#additionalEvents}}

@webpage{dom3_mutation_legacy,
	Date-Added = {2015-07-25 17:12:54 +0000},
	Date-Modified = {2015-07-25 17:12:54 +0000},
	Lastchecked = {Samstag, 25. Juli 2015},
	Title = {UI Events (formerly DOM Level 3 Events)},
	Bdsk-Url-1 = {http://www.w3.org/TR/DOM-Level-3-Events/#legacy-mutationevent-events}}

@webpage{br,
	Date-Added = {2015-07-25 17:10:24 +0000},
	Date-Modified = {2015-07-25 17:10:24 +0000},
	Lastchecked = {Samstag, 25. Juli 2015},
	Title = {Minimizing browser reflow | Best Practices | Google Developers},
	Bdsk-Url-1 = {https://developers.google.com/speed/articles/reflow}}

@webpage{bn,
	Date-Added = {2015-07-25 17:10:15 +0000},
	Date-Modified = {2015-07-25 17:10:15 +0000},
	Lastchecked = {Samstag, 25. Juli 2015},
	Title = {Types | jQuery API Documentation},
	Bdsk-Url-1 = {http://api.jquery.com/Types/#htmlString}}

@webpage{bl,
	Date-Added = {2015-07-25 17:10:13 +0000},
	Date-Modified = {2015-07-25 17:10:13 +0000},
	Lastchecked = {Samstag, 25. Juli 2015},
	Title = {Firepad - An open source collaborative code and text editor},
	Bdsk-Url-1 = {http://www.firepad.io/#1}}

@webpage{a,
	Date-Added = {2015-07-25 17:10:08 +0000},
	Date-Modified = {2015-07-25 17:10:08 +0000},
	Lastchecked = {Samstag, 25. Juli 2015},
	Title = {selection object (Internet Explorer)},
	Bdsk-Url-1 = {https://msdn.microsoft.com/en-us/library/ms535869(v=VS.85).aspx}}

@webpage{az,
	Date-Added = {2015-07-25 17:10:06 +0000},
	Date-Modified = {2015-07-25 17:10:06 +0000},
	Lastchecked = {Samstag, 25. Juli 2015},
	Title = {Selection - Web API Interfaces | MDN},
	Bdsk-Url-1 = {https://developer.mozilla.org/en-US/docs/Web/API/Selection}}

@webpage{au,
	Date-Added = {2015-07-25 17:10:03 +0000},
	Date-Modified = {2015-07-25 17:10:03 +0000},
	Lastchecked = {Samstag, 25. Juli 2015},
	Title = {Document Object Model (Core) Level 1},
	Bdsk-Url-1 = {http://www.w3.org/TR/REC-DOM-Level-1/level-one-core.html}}

@webpage{bm,
	Date-Added = {2015-07-25 17:02:26 +0000},
	Date-Modified = {2015-07-25 17:02:26 +0000},
	Lastchecked = {Samstag, 25. Juli 2015},
	Title = {Can I use... Support tables for HTML5, CSS3, etc},
	Bdsk-Url-1 = {http://caniuse.com/#feat=clipboard}}

@webpage{bk,
	Date-Added = {2015-07-25 17:02:20 +0000},
	Date-Modified = {2015-07-25 17:02:20 +0000},
	Lastchecked = {Samstag, 25. Juli 2015},
	Title = {Surfin' Safari - Blog Archive » Apple style span is gone},
	Bdsk-Url-1 = {https://www.webkit.org/blog/1737/apple-style-span-is-gone/}}

@webpage{bj,
	Date-Added = {2015-07-25 17:02:17 +0000},
	Date-Modified = {2015-07-25 17:02:17 +0000},
	Lastchecked = {Samstag, 25. Juli 2015},
	Title = {javascript - Contenteditable div vs. iframe in making a rich-text/wysiwyg editor - Stack Overflow},
	Bdsk-Url-1 = {http://stackoverflow.com/questions/10162540/contenteditable-div-vs-iframe-in-making-a-rich-text-wysiwyg-editor}}

@webpage{bi,
	Date-Added = {2015-07-25 17:02:15 +0000},
	Date-Modified = {2015-07-25 17:02:15 +0000},
	Lastchecked = {Samstag, 25. Juli 2015},
	Title = {Bug List},
	Bdsk-Url-1 = {https://bugzilla.mozilla.org/buglist.cgi?bug_status=__open__&component=Editor&product=Core&query_forma}}

@webpage{bh,
	Date-Added = {2015-07-25 17:02:12 +0000},
	Date-Modified = {2015-07-25 17:02:12 +0000},
	Lastchecked = {Samstag, 25. Juli 2015},
	Title = {Issues - chromium - An open-source project to help move the web forward. - Google Project Hosting},
	Bdsk-Url-1 = {https://code.google.com/p/chromium/issues/list?q=label:Cr-Blink-Editing}}

@webpage{bg,
	Date-Added = {2015-07-25 17:02:10 +0000},
	Date-Modified = {2015-07-25 17:02:10 +0000},
	Lastchecked = {Samstag, 25. Juli 2015},
	Title = {Bug List},
	Bdsk-Url-1 = {https://bugs.webkit.org/buglist.cgi?query_format=advanced&bug_status=UNCONFIRMED&bug_status=NEW&}}

@webpage{bf,
	Date-Added = {2015-07-25 17:02:08 +0000},
	Date-Modified = {2015-07-25 17:02:08 +0000},
	Lastchecked = {Samstag, 25. Juli 2015},
	Title = {{2} Active Tickets by Component -- CKEditor},
	Bdsk-Url-1 = {http://dev.ckeditor.com/report/2}}

@webpage{medium_blocked,
	Date-Added = {2015-07-25 17:02:01 +0000},
	Date-Modified = {2015-07-25 17:02:01 +0000},
	Lastchecked = {Samstag, 25. Juli 2015},
	Title = {The Bug that Blocked the Browser --- Medium Engineering --- Medium},
	Bdsk-Url-1 = {https://medium.com/medium-eng/the-bug-that-blocked-the-browser-e28b64a3c0cc}}

@webpage{medium_ce_terrible,
	Date-Added = {2015-07-25 17:02:01 +0000},
	Date-Modified = {2015-07-25 17:02:01 +0000},
	Lastchecked = {Samstag, 25. Juli 2015},
	Title = {Why ContentEditable is Terrible --- Medium Engineering --- Medium},
	Bdsk-Url-1 = {https://medium.com/medium-eng/why-contenteditable-is-terrible-122d8a40e480}}

@webpage{bc,
	Date-Added = {2015-07-25 16:58:50 +0000},
	Date-Modified = {2015-07-25 16:58:50 +0000},
	Lastchecked = {Samstag, 25. Juli 2015},
	Title = {Document.execCommand() - Web API Interfaces | MDN},
	Bdsk-Url-1 = {https://developer.mozilla.org/en-US/docs/Web/API/document/execCommand#Commands}}

@webpage{bb,
	Date-Added = {2015-07-25 16:58:47 +0000},
	Date-Modified = {2015-07-25 16:58:47 +0000},
	Lastchecked = {Samstag, 25. Juli 2015},
	Title = {Separation of concerns - Wikipedia, the free encyclopedia},
	Bdsk-Url-1 = {https://en.wikipedia.org/wiki/Separation_of_concerns#HTML.2C_CSS.2C_JavaScript}}

@webpage{ba,
	Date-Added = {2015-07-25 16:58:42 +0000},
	Date-Modified = {2015-07-25 16:58:42 +0000},
	Lastchecked = {Samstag, 25. Juli 2015},
	Title = {<i> - HTML (HyperText Markup Language) | MDN},
	Bdsk-Url-1 = {https://developer.mozilla.org/en-US/docs/Web/HTML/Element/i#Notes}}

@webpage{caniuse_contenteditable,
	Bdsk-Url-1 = {http://caniuse.com/\#search=contenteditable},
	Date-Added = {2015-07-25 16:58:37 +0000},
	Date-Modified = {2015-07-25 16:58:37 +0000},
	Lastchecked = {Samstag, 25. Juli 2015},
	Title = {Can I use... Support tables for HTML5, CSS3, etc}}

@webpage{ay,
	Date-Added = {2015-07-25 16:58:25 +0000},
	Date-Modified = {2015-07-25 16:58:25 +0000},
	Lastchecked = {Samstag, 25. Juli 2015},
	Title = {[whatwg] Re: several messages from Ian Hickson on 2004-11-08 (whatwg@whatwg.org from November 2004)},
	Bdsk-Url-1 = {http://lists.w3.org/Archives/Public/public-whatwg-archive/2004Nov/0014.html}}

@webpage{ax,
	Date-Added = {2015-07-25 16:58:21 +0000},
	Date-Modified = {2015-07-25 16:58:21 +0000},
	Lastchecked = {Samstag, 25. Juli 2015},
	Title = {<input> - HTML (HyperText Markup Language) | MDN},
	Bdsk-Url-1 = {https://developer.mozilla.org/en/docs/Web/HTML/Element/Input}}

@webpage{aw,
	Date-Added = {2015-07-25 16:56:37 +0000},
	Date-Modified = {2015-07-25 16:56:37 +0000},
	Lastchecked = {Samstag, 25. Juli 2015},
	Title = {7 User interaction --- HTML5},
	Bdsk-Url-1 = {http://www.w3.org/TR/html5/editing.html}}

@webpage{av,
	Date-Added = {2015-07-25 16:56:34 +0000},
	Date-Modified = {2015-07-25 16:56:34 +0000},
	Lastchecked = {Samstag, 25. Juli 2015},
	Title = {HTML Standard},
	Bdsk-Url-1 = {https://html.spec.whatwg.org/multipage/interaction.html#editing-2}}

@webpage{ao,
	Date-Added = {2015-07-25 16:56:26 +0000},
	Date-Modified = {2015-07-25 16:56:26 +0000},
	Lastchecked = {Samstag, 25. Juli 2015},
	Title = {Module project | Drupal.org},
	Bdsk-Url-1 = {https://www.drupal.org/project/project_module}}

@webpage{al,
	Date-Added = {2015-07-25 16:56:22 +0000},
	Date-Modified = {2015-07-25 16:56:22 +0000},
	Lastchecked = {Samstag, 25. Juli 2015},
	Title = {Search · wysiwyg},
	Bdsk-Url-1 = {https://github.com/search?o=desc&q=wysiwyg&s=stars&type=Repositories&utf8=%E2%9C%93}}

@webpage{ai,
	Date-Added = {2015-07-25 16:55:50 +0000},
	Date-Modified = {2015-07-25 16:55:50 +0000},
	Lastchecked = {Samstag, 25. Juli 2015},
	Title = {Rich-Text Editing in Mozilla | MDN},
	Bdsk-Url-1 = {https://developer.mozilla.org/en/docs/Rich-Text_Editing_in_Mozilla#Internet_Explorer_Differences}}

@webpage{at,
	Date-Added = {2015-07-25 16:55:06 +0000},
	Date-Modified = {2015-07-25 16:55:06 +0000},
	Lastchecked = {Samstag, 25. Juli 2015},
	Title = {Chrome Releases: Stable Channel Update},
	Bdsk-Url-1 = {http://googlechromereleases.blogspot.de/2010/01/stable-channel-update_25.html}}

@webpage{as,
	Date-Added = {2015-07-25 16:55:03 +0000},
	Date-Modified = {2015-07-25 16:55:03 +0000},
	Lastchecked = {Samstag, 25. Juli 2015},
	Title = {Content Editable - Web developer guide | MDN},
	Bdsk-Url-1 = {https://developer.mozilla.org/en-US/docs/Web/Guide/HTML/Content_Editable}}

@webpage{ar,
	Date-Added = {2015-07-25 16:54:57 +0000},
	Date-Modified = {2015-07-25 16:54:57 +0000},
	Lastchecked = {Samstag, 25. Juli 2015},
	Title = {Apple - Press Info - Apple Releases Safari 3.1},
	Bdsk-Url-1 = {http://www.apple.com/pr/library/2008/03/18Apple-Releases-Safari-3-1.html}}

@webpage{aq,
	Date-Added = {2015-07-25 16:54:55 +0000},
	Date-Modified = {2015-07-25 16:54:55 +0000},
	Lastchecked = {Samstag, 25. Juli 2015},
	Title = {Opera 9.0 for Windows Changelog},
	Bdsk-Url-1 = {http://www.opera.com/docs/changelogs/windows/900/}}

@webpage{ap,
	Date-Added = {2015-07-25 16:54:52 +0000},
	Date-Modified = {2015-07-25 16:54:52 +0000},
	Lastchecked = {Samstag, 25. Juli 2015},
	Title = {Opera Changelogs},
	Bdsk-Url-1 = {http://www.opera.com/docs/changelogs/windows/}}

@webpage{an,
	Date-Added = {2015-07-25 16:54:48 +0000},
	Date-Modified = {2015-07-25 16:54:48 +0000},
	Lastchecked = {Samstag, 25. Juli 2015},
	Title = {Command Identifiers (Internet Explorer)},
	Bdsk-Url-1 = {https://msdn.microsoft.com/en-us/library/ms533049(v=vs.85).aspx}}

@webpage{am,
	Date-Added = {2015-07-25 16:54:46 +0000},
	Date-Modified = {2015-07-25 16:54:46 +0000},
	Lastchecked = {Samstag, 25. Juli 2015},
	Title = {Midas - Mozilla | MDN},
	Bdsk-Url-1 = {https://developer.mozilla.org/en-US/docs/Mozilla/Projects/Midas}}

@webpage{ak,
	Date-Added = {2015-07-25 16:54:42 +0000},
	Date-Modified = {2015-07-25 16:54:42 +0000},
	Lastchecked = {Samstag, 25. Juli 2015},
	Title = {Rich-Text Editing in Mozilla | MDN},
	Bdsk-Url-1 = {https://developer.mozilla.org/en/docs/Rich-Text_Editing_in_Mozilla}}

@webpage{ah,
	Date-Added = {2015-07-25 16:54:40 +0000},
	Date-Modified = {2015-07-25 16:54:40 +0000},
	Lastchecked = {Samstag, 25. Juli 2015},
	Title = {The WHATWG Blog --- The Road to HTML 5: contentEditable},
	Bdsk-Url-1 = {https://blog.whatwg.org/the-road-to-html-5-contenteditable}}

@webpage{ad,
	Date-Added = {2015-07-25 16:54:31 +0000},
	Date-Modified = {2015-07-25 16:54:31 +0000},
	Lastchecked = {Samstag, 25. Juli 2015},
	Title = {Methods (Internet Explorer)},
	Bdsk-Url-1 = {https://msdn.microsoft.com/en-us/library/hh772123(v=vs.85).aspx}}

@webpage{aj,
	Date-Added = {2015-07-25 16:53:15 +0000},
	Date-Modified = {2015-07-25 16:53:15 +0000},
	Lastchecked = {Samstag, 25. Juli 2015},
	Title = {contentEditable Property (defaults, A, ABBR, ...)},
	Bdsk-Url-1 = {https://msdn.microsoft.com/en-us/library/ms537837}}

@webpage{ag,
	Date-Added = {2015-07-25 16:52:24 +0000},
	Date-Modified = {2015-07-25 16:52:24 +0000},
	Lastchecked = {Samstag, 25. Juli 2015},
	Title = {Top 9 Browsers from June 2014 to June 2015 | StatCounter Global Stats},
	Bdsk-Url-1 = {http://gs.statcounter.com/#all-browser-ww-monthly-201406-201506-bar}}

@webpage{af,
	Date-Added = {2015-07-25 16:52:19 +0000},
	Date-Modified = {2015-07-25 16:52:19 +0000},
	Lastchecked = {Samstag, 25. Juli 2015},
	Title = {ISO/IEC 15445:2000 - Information technology -- Document description and processing languages -- HyperText Markup Language (HTML)},
	Bdsk-Url-1 = {http://www.iso.org/iso/iso_catalogue/catalogue_tc/catalogue_detail.htm?csnumber=27688}}

@webpage{ae,
	Date-Added = {2015-07-25 16:52:16 +0000},
	Date-Modified = {2015-07-25 16:52:16 +0000},
	Lastchecked = {Samstag, 25. Juli 2015},
	Title = {HTML 4.01 Specification},
	Bdsk-Url-1 = {http://www.w3.org/TR/html401/}}

@webpage{ac,
	Date-Added = {2015-07-25 16:52:11 +0000},
	Date-Modified = {2015-07-25 16:52:11 +0000},
	Lastchecked = {Samstag, 25. Juli 2015},
	Title = {designMode property (Internet Explorer)},
	Bdsk-Url-1 = {https://msdn.microsoft.com/en-us/library/ms533720(v=vs.85).aspx}}

@webpage{ab,
	Date-Added = {2015-07-25 16:52:04 +0000},
	Date-Modified = {2015-07-25 16:52:04 +0000},
	Lastchecked = {Samstag, 25. Juli 2015},
	Title = {RFC 1866 - Hypertext Markup Language - 2.0},
	Bdsk-Url-1 = {http://tools.ietf.org/html/rfc1866}}

@webpage{sopp,
	Date-Added = {2015-07-25 16:51:52 +0000},
	Date-Modified = {2015-07-25 16:51:52 +0000},
	Lastchecked = {Samstag, 25. Juli 2015},
	Title = {Paste as plain text Contenteditable div \& textarea (word/excel...) - Stack Overflow},
	Bdsk-Url-1 = {http://stackoverflow.com/questions/11240602/paste-as-plain-text-contenteditable-div-textarea-word-excel}}
