%% This BibTeX bibliography file was created using BibDesk.
%% http://bibdesk.sourceforge.net/

%% Created for Lukas Bombach at 2015-08-18 12:16:55 +0200 


%% Saved with string encoding Unicode (UTF-8) 


@book{crockf,
	Author = {Douglas Crockford},
	Date-Added = {2015-08-18 10:15:00 +0000},
	Date-Modified = {2015-08-18 10:16:55 +0000},
	Publisher = {O'Reilly Media / Yahoo Press},
	Title = {JavaScript: The Good Parts},
	Year = {2008}}

%@%misc%{bd,
%	Author = {NGDATA},
%	Year = {},
	Date-Added = {2015-07-25 17:16:01 +0000},
%	Date-Modified = {2015-07-25 17:16:01 +0000},
%	Note = {[Online; accessed 2015-07-25 17:16:01 +0000]},
%	Lastchecked = {Samstag, 25. Juli 2015},
%	Title = {SDK Download(Software development kit) - Samsung Smart TV Apps Developer Forum},
%	Howpublished = {\url{http://www.samsungdforum.com/Devtools/Sdkdownload}}}

%@%misc%{bx,
%	Author = {NGDATA},
%	Year = {},
	Date-Added = {2015-07-25 17:13:11 +0000},
%	Date-Modified = {2015-07-25 17:13:11 +0000},
%	Note = {[Online; accessed 2015-07-25 17:13:11 +0000]},
%	Lastchecked = {Samstag, 25. Juli 2015},
%	Title = {60fps on the mobile web --- Flipboard Engineering},
%	Howpublished = {\url{http://engineering.flipboard.com/2015/02/mobile-web/}}}

@book{Goldfarb:1991:SH:102902,
 author = {Goldfarb, Charles F.},
 title = {The SGML Handbook},
 year = {1990},
 isbn = {0-10-853737-9},
 publisher = {Oxford University Press, Inc.},
 address = {New York, NY, USA},
} 


@article{Coombs:1987:MSF:32206.32209,
 author = {Coombs, James H. and Renear, Allen H. and DeRose, Steven J.},
 title = {Markup Systems and the Future of Scholarly Text Processing},
 journal = {Commun. ACM},
 issue_date = {Nov. 1987},
 volume = {30},
 number = {11},
 month = nov,
 year = {1987},
 issn = {0001-0782},
 pages = {933--947},
 numpages = {15},
 url = {http://doi.acm.org/10.1145/32206.32209},
 doi = {10.1145/32206.32209},
 acmid = {32209},
 publisher = {ACM},
 address = {New York, NY, USA},
} 


@report{RFC1866,
  shorthand = {RFC 1866},
  author = {Berners-Lee, T.},
  year = {1995},
  month = {11},
  title = {Hypertext Markup Language - 2.0},
  note = {RFC 1866},
}

@report{DOM1,
  shorthand = {DOM Level 1},
  author = {W3C},
  year = {1998},
  month = {10},
  title = {Document Object Model (DOM) Level 1 Specification},
}

@report{UIEV,
  shorthand = {UI Events},
  author = {W3C},
  year = {2015},
  month = {4},
  title = {UI Events W3C Specification},
}

@report{HTML401,
  shorthand = {HTML 4.01},
  author = {W3C},
  year = {1999},
  month = {12},
  title = {HTML 4.01 Specification},
}

@report{HTML5,
  shorthand = {HTML5},
  author = {W3C},
  year = {2014},
  month = {10},
  title = {HTML5 Specification},
}

@report{HTMLWHATWG,
  shorthand = {HTML Living Standard},
  author = {WHATWG},
  year = {2015},
  month = {7},
  title = {HTML Living Standard},
}

@report{ISO15445,
  shorthand = {ISO/IEC 15445:2000},
  author = {ISO},
  Institution = {International Organization for Standardization},
  year = {2012},
  month = {7},
  title = {ISO/IEC 15445:2000},
  note = {ISO/IEC 15445:2000},
}

@report{ISO8879,
  shorthand = {ISO 8879:1986},
  author = {ISO},
  Institution = {International Organization for Standardization},
  year = {1986},
  month = {10},
  title = {Standard Generalized Markup Language (SGML)},
  note = {Standard Generalized Markup Language (SGML)},
}

@report{WebIDL,
  shorthand = {Web IDL},
  author = {W3C},
  year = {2012},
  month = {4},
  title = {Web IDL Candidate Recommendation},
}

@misc{watsonhistory,
	Author = {Dennis G. Watson},
	Year = {1992},
	Date-Added = {2015-07-25 17:13:08 +0000},
	Date-Modified = {2015-07-25 17:13:08 +0000},
	Note = {[Online; accessed 2015-07-28 17:13:08 +0000]},
	Lastchecked = {Samstag, 28. Juli 2015},
	Title = {Brief History of Document Markup},
	Howpublished = {\url{http://chnm.gmu.edu/digitalhistory/links/pdf/chapter3/3.19a.pdf}}}

@misc{bw,
	Author = {Jeff Harris},
	Year = {2010},
	Date-Added = {2015-07-25 17:13:08 +0000},
	Date-Modified = {2015-07-25 17:13:08 +0000},
	Note = {[Online; accessed 2015-07-25 17:13:08 +0000]},
	Lastchecked = {Samstag, 25. Juli 2015},
	Title = {Google Drive Blog: What's different about the new Google Docs?},
	Howpublished = {\url{http://googledrive.blogspot.fr/2010/05/whats-different-about-new-google-docs.html}}}

@misc{bu,
	Author = {NGDATA},
	Year = {},
	Date-Added = {2015-07-25 17:13:02 +0000},
	Date-Modified = {2015-07-25 17:13:02 +0000},
	Note = {[Online; accessed 2015-07-25 17:13:02 +0000]},
	Lastchecked = {Samstag, 25. Juli 2015},
	Title = {UI Events (formerly DOM Level 3 Events)},
	Howpublished = {\url{http://www.w3.org/TR/DOM-Level-3-Events/}}}

@misc{bt,
	Author = {NGDATA},
	Year = {},
	Date-Added = {2015-07-25 17:13:00 +0000},
	Date-Modified = {2015-07-25 17:13:00 +0000},
	Note = {[Online; accessed 2015-07-25 17:13:00 +0000]},
	Lastchecked = {Samstag, 25. Juli 2015},
	Title = {Can I use... Support tables for HTML5, CSS3, etc},
	Howpublished = {\url{http://caniuse.com/#search=mutation}}}

@misc{bs,
	Author = {NGDATA},
	Year = {},
	Date-Added = {2015-07-25 17:12:57 +0000},
	Date-Modified = {2015-07-25 17:12:57 +0000},
	Note = {[Online; accessed 2015-07-25 17:12:57 +0000]},
	Lastchecked = {Samstag, 25. Juli 2015},
	Title = {Events in JavaScript},
	Howpublished = {\url{http://help.dottoro.com/ljfvvdnm.php#additionalEvents}}}

@misc{dom3_mutation_legacy,
	Author = {NGDATA},
	Year = {},
	Date-Added = {2015-07-25 17:12:54 +0000},
	Date-Modified = {2015-07-25 17:12:54 +0000},
	Note = {[Online; accessed 2015-07-25 17:12:54 +0000]},
	Lastchecked = {Samstag, 25. Juli 2015},
	Title = {UI Events (formerly DOM Level 3 Events)},
	Howpublished = {\url{http://www.w3.org/TR/DOM-Level-3-Events/#legacy-mutationevent-events}}}

@misc{br,
	Author = {NGDATA},
	Year = {},
	Date-Added = {2015-07-25 17:10:24 +0000},
	Date-Modified = {2015-07-25 17:10:24 +0000},
	Note = {[Online; accessed 2015-07-25 17:10:24 +0000]},
	Lastchecked = {Samstag, 25. Juli 2015},
	Title = {Minimizing browser reflow | Best Practices | Google Developers},
	Howpublished = {\url{https://developers.google.com/speed/articles/reflow}}}

@misc{bn,
	Author = {NGDATA},
	Year = {},
	Date-Added = {2015-07-25 17:10:15 +0000},
	Date-Modified = {2015-07-25 17:10:15 +0000},
	Note = {[Online; accessed 2015-07-25 17:10:15 +0000]},
	Lastchecked = {Samstag, 25. Juli 2015},
	Title = {Types | jQuery API Documentation},
	Howpublished = {\url{http://api.jquery.com/Types/#htmlString}}}

@misc{bl,
	Author = {NGDATA},
	Year = {},
	Date-Added = {2015-07-25 17:10:13 +0000},
	Date-Modified = {2015-07-25 17:10:13 +0000},
	Note = {[Online; accessed 2015-07-25 17:10:13 +0000]},
	Lastchecked = {Samstag, 25. Juli 2015},
	Title = {Firepad - An open source collaborative code and text editor},
	Howpublished = {\url{http://www.firepad.io/#1}}}

@misc{a,
	Author = {Microsoft},
	Year = {2015},
	Date-Added = {2015-07-25 17:10:08 +0000},
	Date-Modified = {2015-07-25 17:10:08 +0000},
	Note = {[Online; accessed 2015-07-25 17:10:08 +0000]},
	Lastchecked = {Samstag, 25. Juli 2015},
	Title = {selection object (Internet Explorer)},
	Howpublished = {\url{https://msdn.microsoft.com/en-us/library/ms535869(v=VS.85).aspx}}}

@misc{mozel,
	Author = {Mozilla},
	Year = {2015},
	Date-Added = {2015-07-25 17:10:06 +0000},
	Date-Modified = {2015-07-25 17:10:06 +0000},
	Note = {[Online; accessed 2015-07-25 17:10:06 +0000]},
	Lastchecked = {Samstag, 25. Juli 2015},
	Title = {Selection - Web API Interfaces | MDN},
	Howpublished = {\url{https://developer.mozilla.org/en/docs/Web/HTML/Element}}}

@misc{az,
	Author = {Mozilla},
	Year = {2015},
	Date-Added = {2015-07-25 17:10:06 +0000},
	Date-Modified = {2015-07-25 17:10:06 +0000},
	Note = {[Online; accessed 2015-07-25 17:10:06 +0000]},
	Lastchecked = {Samstag, 25. Juli 2015},
	Title = {Selection - Web API Interfaces | MDN},
	Howpublished = {\url{https://developer.mozilla.org/en-US/docs/Web/API/Selection}}}

@misc{au,
	Author = {NGDATA},
	Year = {},
	Date-Added = {2015-07-25 17:10:03 +0000},
	Date-Modified = {2015-07-25 17:10:03 +0000},
	Note = {[Online; accessed 2015-07-25 17:10:03 +0000]},
	Lastchecked = {Samstag, 25. Juli 2015},
	Title = {Document Object Model (Core) Level 1},
	Howpublished = {\url{http://www.w3.org/TR/REC-DOM-Level-1/level-one-core.html}}}

@misc{bm,
	Author = {NGDATA},
	Year = {},
	Date-Added = {2015-07-25 17:02:26 +0000},
	Date-Modified = {2015-07-25 17:02:26 +0000},
	Note = {[Online; accessed 2015-07-25 17:02:26 +0000]},
	Lastchecked = {Samstag, 25. Juli 2015},
	Title = {Can I use... Support tables for HTML5, CSS3, etc},
	Howpublished = {\url{http://caniuse.com/#feat=clipboard}}}

@misc{bk,
	Author = {NGDATA},
	Year = {},
	Date-Added = {2015-07-25 17:02:20 +0000},
	Date-Modified = {2015-07-25 17:02:20 +0000},
	Note = {[Online; accessed 2015-07-25 17:02:20 +0000]},
	Lastchecked = {Samstag, 25. Juli 2015},
	Title = {Surfin' Safari - Blog Archive Â» Apple style span is gone},
	Howpublished = {\url{https://www.webkit.org/blog/1737/apple-style-span-is-gone/}}}

@misc{bj,
	Author = {Piotrek Koszuli\'{n}ski},
	Year = {2013},
	Date-Added = {2015-07-25 17:02:17 +0000},
	Date-Modified = {2015-07-25 17:02:17 +0000},
	Note = {[Online; accessed 2015-07-25 17:02:17 +0000]},
	Lastchecked = {Samstag, 25. Juli 2015},
	Title = {javascript - Contenteditable div vs. iframe in making a rich-text/wysiwyg editor - Stack Overflow},
	Howpublished = {\url{http://stackoverflow.com/questions/10162540/contenteditable-div-vs-iframe-in-making-a-rich-text-wysiwyg-editor}}}

@misc{bi,
	Author = {NGDATA},
	Year = {},
	Date-Added = {2015-07-25 17:02:15 +0000},
	Date-Modified = {2015-07-25 17:02:15 +0000},
	Note = {[Online; accessed 2015-07-25 17:02:15 +0000]},
	Lastchecked = {Samstag, 25. Juli 2015},
	Title = {Bug List},
	Howpublished = {\url{https://bugzilla.mozilla.org/buglist.cgi?bug_status=__open__&component=Editor&product=Core&query_forma}}}

@misc{bh,
	Author = {NGDATA},
	Year = {},
	Date-Added = {2015-07-25 17:02:12 +0000},
	Date-Modified = {2015-07-25 17:02:12 +0000},
	Note = {[Online; accessed 2015-07-25 17:02:12 +0000]},
	Lastchecked = {Samstag, 25. Juli 2015},
	Title = {Issues - chromium - An open-source project to help move the web forward. - Google Project Hosting},
	Howpublished = {\url{https://code.google.com/p/chromium/issues/list?q=label:Cr-Blink-Editing}}}

@misc{bg,
	Author = {NGDATA},
	Year = {},
	Date-Added = {2015-07-25 17:02:10 +0000},
	Date-Modified = {2015-07-25 17:02:10 +0000},
	Note = {[Online; accessed 2015-07-25 17:02:10 +0000]},
	Lastchecked = {Samstag, 25. Juli 2015},
	Title = {Bug List},
	Howpublished = {\url{https://bugs.webkit.org/buglist.cgi?query_format=advanced&bug_status=UNCONFIRMED&bug_status=NEW&}}}

@misc{bf,
	Author = {NGDATA},
	Year = {},
	Date-Added = {2015-07-25 17:02:08 +0000},
	Date-Modified = {2015-07-25 17:02:08 +0000},
	Note = {[Online; accessed 2015-07-25 17:02:08 +0000]},
	Lastchecked = {Samstag, 25. Juli 2015},
	Title = {{2} Active Tickets by Component -- CKEditor},
	Howpublished = {\url{http://dev.ckeditor.com/report/2}}}

@misc{medium_blocked,
	Author = {Anton Kovalyov},
	Year = {2015},
	Date-Added = {2015-07-25 17:02:01 +0000},
	Date-Modified = {2015-07-25 17:02:01 +0000},
	Note = {[Online; accessed 2015-07-25 17:02:01 +0000]},
	Lastchecked = {Samstag, 25. Juli 2015},
	Title = {The Bug that Blocked the Browser --- Medium Engineering --- Medium},
	Howpublished = {\url{https://medium.com/medium-eng/the-bug-that-blocked-the-browser-e28b64a3c0cc}}}

@misc{medium_ce_terrible,
	Author = {Nick Santos},
	Year = {2014},
	Date-Added = {2015-07-25 17:02:01 +0000},
	Date-Modified = {2015-07-25 17:02:01 +0000},
	Note = {[Online; accessed 2015-07-25 17:02:01 +0000]},
	Lastchecked = {Samstag, 25. Juli 2015},
	Title = {Why ContentEditable is Terrible --- Medium Engineering --- Medium},
	Howpublished = {\url{https://medium.com/medium-eng/why-contenteditable-is-terrible-122d8a40e480}}}

@misc{bc,
	Author = {Mozilla},
	Year = {2015},
	Date-Added = {2015-07-25 16:58:50 +0000},
	Date-Modified = {2015-07-25 16:58:50 +0000},
	Note = {[Online; accessed 2015-07-25 16:58:50 +0000]},
	Lastchecked = {Samstag, 25. Juli 2015},
	Title = {Document.execCommand() - Web API Interfaces | MDN},
	Howpublished = {\url{https://developer.mozilla.org/en-US/docs/Web/API/document/execCommand}}}

@misc{bb,
	Author = {NGDATA},
	Year = {},
	Date-Added = {2015-07-25 16:58:47 +0000},
	Date-Modified = {2015-07-25 16:58:47 +0000},
	Note = {[Online; accessed 2015-07-25 16:58:47 +0000]},
	Lastchecked = {Samstag, 25. Juli 2015},
	Title = {Separation of concerns - Wikipedia, the free encyclopedia},
	Howpublished = {\url{https://en.wikipedia.org/wiki/Separation_of_concerns#HTML.2C_CSS.2C_JavaScript}}}

@misc{ba,
	Author = {NGDATA},
	Year = {},
	Date-Added = {2015-07-25 16:58:42 +0000},
	Date-Modified = {2015-07-25 16:58:42 +0000},
	Note = {[Online; accessed 2015-07-25 16:58:42 +0000]},
	Lastchecked = {Samstag, 25. Juli 2015},
	Title = {<i> - HTML (HyperText Markup Language) | MDN},
	Howpublished = {\url{https://developer.mozilla.org/en-US/docs/Web/HTML/Element/i#Notes}}}

@misc{caniuse_contenteditable,
	Author = {NGDATA},
	Howpublished = {\url{http://caniuse.com/\#search=contenteditable}},
	Year = {},
	Date-Added = {2015-07-25 16:58:37 +0000},
	Date-Modified = {2015-07-25 16:58:37 +0000},
	Note = {[Online; accessed 2015-07-25 16:58:37 +0000]},
	Lastchecked = {Samstag, 25. Juli 2015},
	Title = {Can I use... Support tables for HTML5, CSS3, etc}}

@misc{ay,
	Author = {NGDATA},
	Year = {},
	Date-Added = {2015-07-25 16:58:25 +0000},
	Date-Modified = {2015-07-25 16:58:25 +0000},
	Note = {[Online; accessed 2015-07-25 16:58:25 +0000]},
	Lastchecked = {Samstag, 25. Juli 2015},
	Title = {[whatwg] Re: several messages from Ian Hickson on 2004-11-08 (whatwg@whatwg.org from November 2004)},
	Howpublished = {\url{http://lists.w3.org/Archives/Public/public-whatwg-archive/2004Nov/0014.html}}}

@misc{ax,
	Author = {Mozilla},
	Year = {2015},
	Date-Added = {2015-07-25 16:58:21 +0000},
	Date-Modified = {2015-07-25 16:58:21 +0000},
	Note = {[Online; accessed 2015-07-25 16:58:21 +0000]},
	Lastchecked = {Samstag, 25. Juli 2015},
	Title = {<input> - HTML (HyperText Markup Language) | MDN},
	Howpublished = {\url{https://developer.mozilla.org/en/docs/Web/HTML/Element/Input}}}

@misc{aw,
	Author = {NGDATA},
	Year = {},
	Date-Added = {2015-07-25 16:56:37 +0000},
	Date-Modified = {2015-07-25 16:56:37 +0000},
	Note = {[Online; accessed 2015-07-25 16:56:37 +0000]},
	Lastchecked = {Samstag, 25. Juli 2015},
	Title = {7 User interaction --- HTML5},
	Howpublished = {\url{http://www.w3.org/TR/html5/editing.html}}}

@misc{av,
	Author = {NGDATA},
	Year = {},
	Date-Added = {2015-07-25 16:56:34 +0000},
	Date-Modified = {2015-07-25 16:56:34 +0000},
	Note = {[Online; accessed 2015-07-25 16:56:34 +0000]},
	Lastchecked = {Samstag, 25. Juli 2015},
	Title = {HTML Standard},
	Howpublished = {\url{https://html.spec.whatwg.org/multipage/interaction.html#editing-2}}}

@misc{ao,
	Author = {NGDATA},
	Year = {},
	Date-Added = {2015-07-25 16:56:26 +0000},
	Date-Modified = {2015-07-25 16:56:26 +0000},
	Note = {[Online; accessed 2015-07-25 16:56:26 +0000]},
	Lastchecked = {Samstag, 25. Juli 2015},
	Title = {Module project | Drupal.org},
	Howpublished = {\url{https://www.drupal.org/project/project_module}}}

@misc{al,
	Author = {NGDATA},
	Year = {},
	Date-Added = {2015-07-25 16:56:22 +0000},
	Date-Modified = {2015-07-25 16:56:22 +0000},
	Note = {[Online; accessed 2015-07-25 16:56:22 +0000]},
	Lastchecked = {Samstag, 25. Juli 2015},
	Title = {Search Â· wysiwyg},
	Howpublished = {\url{https://github.com/search?o=desc&q=wysiwyg&s=stars&type=Repositories&utf8=%E2%9C%93}}}

@misc{ai,
	Author = {NGDATA},
	Year = {},
	Date-Added = {2015-07-25 16:55:50 +0000},
	Date-Modified = {2015-07-25 16:55:50 +0000},
	Note = {[Online; accessed 2015-07-25 16:55:50 +0000]},
	Lastchecked = {Samstag, 25. Juli 2015},
	Title = {Rich-Text Editing in Mozilla | MDN},
	Howpublished = {\url{https://developer.mozilla.org/en/docs/Rich-Text_Editing_in_Mozilla#Internet_Explorer_Differences}}}

@misc{at,
	Author = {NGDATA},
	Year = {},
	Date-Added = {2015-07-25 16:55:06 +0000},
	Date-Modified = {2015-07-25 16:55:06 +0000},
	Note = {[Online; accessed 2015-07-25 16:55:06 +0000]},
	Lastchecked = {Samstag, 25. Juli 2015},
	Title = {Chrome Releases: Stable Channel Update},
	Howpublished = {\url{http://googlechromereleases.blogspot.de/2010/01/stable-channel-update_25.html}}}

@misc{as,
	Author = {Mozilla},
	Year = {2015},
	Date-Added = {2015-07-25 16:55:03 +0000},
	Date-Modified = {2015-07-25 16:55:03 +0000},
	Note = {[Online; accessed 2015-07-25 16:55:03 +0000]},
	Lastchecked = {Samstag, 25. Juli 2015},
	Title = {Content Editable - Web developer guide | MDN},
	Howpublished = {\url{https://developer.mozilla.org/en-US/docs/Web/Guide/HTML/Content_Editable}}}

@misc{ar,
	Author = {NGDATA},
	Year = {},
	Date-Added = {2015-07-25 16:54:57 +0000},
	Date-Modified = {2015-07-25 16:54:57 +0000},
	Note = {[Online; accessed 2015-07-25 16:54:57 +0000]},
	Lastchecked = {Samstag, 25. Juli 2015},
	Title = {Apple - Press Info - Apple Releases Safari 3.1},
	Howpublished = {\url{http://www.apple.com/pr/library/2008/03/18Apple-Releases-Safari-3-1.html}}}

@misc{aq,
	Author = {NGDATA},
	Year = {},
	Date-Added = {2015-07-25 16:54:55 +0000},
	Date-Modified = {2015-07-25 16:54:55 +0000},
	Note = {[Online; accessed 2015-07-25 16:54:55 +0000]},
	Lastchecked = {Samstag, 25. Juli 2015},
	Title = {Opera 9.0 for Windows Changelog},
	Howpublished = {\url{http://www.opera.com/docs/changelogs/windows/900/}}}

@misc{ap,
	Author = {NGDATA},
	Year = {},
	Date-Added = {2015-07-25 16:54:52 +0000},
	Date-Modified = {2015-07-25 16:54:52 +0000},
	Note = {[Online; accessed 2015-07-25 16:54:52 +0000]},
	Lastchecked = {Samstag, 25. Juli 2015},
	Title = {Opera Changelogs},
	Howpublished = {\url{http://www.opera.com/docs/changelogs/windows/}}}

@misc{an,
	Author = {Microsoft},
	Year = {2015},
	Date-Added = {2015-07-25 16:54:48 +0000},
	Date-Modified = {2015-07-25 16:54:48 +0000},
	Note = {[Online; accessed 2015-07-25 16:54:48 +0000]},
	Lastchecked = {Samstag, 25. Juli 2015},
	Title = {Command Identifiers (Internet Explorer)},
	Howpublished = {\url{https://msdn.microsoft.com/en-us/library/ms533049(v=vs.85).aspx}}}

@misc{am,
	Author = {Mozilla},
	Year = {2015},
	Date-Added = {2015-07-25 16:54:46 +0000},
	Date-Modified = {2015-07-25 16:54:46 +0000},
	Note = {[Online; accessed 2015-07-25 16:54:46 +0000]},
	Lastchecked = {Samstag, 25. Juli 2015},
	Title = {Midas - Mozilla | MDN},
	Howpublished = {\url{https://developer.mozilla.org/en-US/docs/Mozilla/Projects/Midas}}}

@misc{ak,
	Author = {Mozilla},
	Year = {2003},
	Date-Added = {2015-07-25 16:54:42 +0000},
	Date-Modified = {2015-07-25 16:54:42 +0000},
	Note = {[Online; accessed 2015-07-25 16:54:42 +0000]},
	Lastchecked = {Samstag, 25. Juli 2015},
	Title = {Rich-Text Editing in Mozilla | MDN},
	Howpublished = {\url{https://developer.mozilla.org/en/docs/Rich-Text_Editing_in_Mozilla}}}

@misc{ah,
	Author = {NGDATA},
	Year = {},
	Date-Added = {2015-07-25 16:54:40 +0000},
	Date-Modified = {2015-07-25 16:54:40 +0000},
	Note = {[Online; accessed 2015-07-25 16:54:40 +0000]},
	Lastchecked = {Samstag, 25. Juli 2015},
	Title = {The WHATWG Blog --- The Road to HTML 5: contentEditable},
	Howpublished = {\url{https://blog.whatwg.org/the-road-to-html-5-contenteditable}}}

@misc{ad,
	Author = {Microsoft},
	Year = {2015},
	Date-Added = {2015-07-25 16:54:31 +0000},
	Date-Modified = {2015-07-25 16:54:31 +0000},
	Note = {[Online; accessed 2015-07-25 16:54:31 +0000]},
	Lastchecked = {Samstag, 25. Juli 2015},
	Title = {Methods (Internet Explorer)},
	Howpublished = {\url{https://msdn.microsoft.com/en-us/library/hh772123(v=vs.85).aspx}}}

@misc{aj,
	Author = {NGDATA},
	Year = {},
	Date-Added = {2015-07-25 16:53:15 +0000},
	Date-Modified = {2015-07-25 16:53:15 +0000},
	Note = {[Online; accessed 2015-07-25 16:53:15 +0000]},
	Lastchecked = {Samstag, 25. Juli 2015},
	Title = {contentEditable Property (defaults, A, ABBR, ...)},
	Howpublished = {\url{https://msdn.microsoft.com/en-us/library/ms537837}}}

@misc{ag,
	Author = {NGDATA},
	Year = {},
	Date-Added = {2015-07-25 16:52:24 +0000},
	Date-Modified = {2015-07-25 16:52:24 +0000},
	Note = {[Online; accessed 2015-07-25 16:52:24 +0000]},
	Lastchecked = {Samstag, 25. Juli 2015},
	Title = {Top 9 Browsers from June 2014 to June 2015 | StatCounter Global Stats},
	Howpublished = {\url{http://gs.statcounter.com/#all-browser-ww-monthly-201406-201506-bar}}}

@misc{mozev,
	Author = {Mozilla},
	Year = {2015},
	Date-Added = {2015-07-25 16:52:24 +0000},
	Date-Modified = {2015-07-25 16:52:24 +0000},
	Note = {[Online; accessed 2015-07-25 16:52:24 +0000]},
	Lastchecked = {Samstag, 25. Juli 2015},
	Title = {CustomEvent - Web API Interfaces | MDN},
	Howpublished = {\url{https://developer.mozilla.org/en/docs/Web/API/CustomEvent}}}

@misc{moznode,
	Author = {Mozilla},
	Year = {2015},
	Date-Added = {2015-07-25 16:52:24 +0000},
	Date-Modified = {2015-07-25 16:52:24 +0000},
	Note = {[Online; accessed 2015-07-25 16:52:24 +0000]},
	Lastchecked = {Samstag, 25. Juli 2015},
	Title = {NodeIterator - Web API Interfaces | MDN},
	Howpublished = {\url{https://developer.mozilla.org/en-US/docs/Web/API/NodeIterator}}}

@misc{af,
	Author = {NGDATA},
	Year = {},
	Date-Added = {2015-07-25 16:52:19 +0000},
	Date-Modified = {2015-07-25 16:52:19 +0000},
	Note = {[Online; accessed 2015-07-25 16:52:19 +0000]},
	Lastchecked = {Samstag, 25. Juli 2015},
	Title = {ISO/IEC 15445:2000 - Information technology -- Document description and processing languages -- HyperText Markup Language (HTML)},
	Howpublished = {\url{http://www.iso.org/iso/iso_catalogue/catalogue_tc/catalogue_detail.htm?csnumber=27688}}}

@misc{ae,
	Author = {NGDATA},
	Year = {},
	Date-Added = {2015-07-25 16:52:16 +0000},
	Date-Modified = {2015-07-25 16:52:16 +0000},
	Note = {[Online; accessed 2015-07-25 16:52:16 +0000]},
	Lastchecked = {Samstag, 25. Juli 2015},
	Title = {HTML 4.01 Specification},
	Howpublished = {\url{http://www.w3.org/TR/html401/}}}

@misc{ac,
	Author = {Microsoft},
	Year = {2000},
	Date-Added = {2015-07-25 16:52:11 +0000},
	Date-Modified = {2015-07-25 16:52:11 +0000},
	Note = {[Online; accessed 2015-07-25 16:52:11 +0000]},
	Lastchecked = {Samstag, 25. Juli 2015},
	Title = {contentEditable property MSDN},
	Howpublished = {\url{https://msdn.microsoft.com/en-us/library/ms533720(v=vs.85).aspx}}}


@misc{ac2,
	Author = {Microsoft},
	Year = {2000},
	Date-Added = {2015-07-25 16:52:11 +0000},
	Date-Modified = {2015-07-25 16:52:11 +0000},
	Note = {[Online; accessed 2015-07-25 16:52:11 +0000]},
	Lastchecked = {Samstag, 25. Juli 2015},
	Title = {designMode property MSDN},
	Howpublished = {\url{https://msdn.microsoft.com/en-us/library/ms537837(VS.85).aspx}}}


@misc{ab,
	Author = {NGDATA},
	Year = {},
	Date-Added = {2015-07-25 16:52:04 +0000},
	Date-Modified = {2015-07-25 16:52:04 +0000},
	Note = {[Online; accessed 2015-07-25 16:52:04 +0000]},
	Lastchecked = {Samstag, 25. Juli 2015},
	Title = {RFC 1866 - Hypertext Markup Language - 2.0},
	Howpublished = {\url{http://tools.ietf.org/html/rfc1866}}}

@misc{sopp,
	Author = {Piotrek Koszuli\'{n}ski},
	Year = {2012},
	Date-Added = {2015-07-25 16:51:52 +0000},
	Date-Modified = {2015-07-25 16:51:52 +0000},
	Note = {[Online; accessed 2015-07-25 16:51:52 +0000]},
	Lastchecked = {Samstag, 25. Juli 2015},
	Title = {Paste as plain text Contenteditable div \& textarea (word/excel...) - Stack Overflow},
	Howpublished = {\url{http://stackoverflow.com/questions/11240602/paste-as-plain-text-contenteditable-div-textarea-word-excel}}}
